2692 4596
684 278 838 344 llinleitung.

384 454 416 535 β.
441 453 460 514 6
482 459 583 531 parata
596 448 717 527 (esset)
732 497 739 512 .
757 495 765 509 .
787 450 995 529 redempturus
1014 459 1095 511 esset
1111 451 1132 514 9
1148 450 1203 512 ubi
1219 470 1292 513 con-

443 547 550 599 ventus
562 578 569 599 .
581 582 589 599 .
601 544 761 615 poscerent
773 580 781 596 .
794 579 801 594 .
815 535 984 597 misericors
994 530 1109 619 <erat):
1126 536 1180 598 ubi
1193 537 1292 598 oldcio

444 621 625 684 satisfactum
652 617 764 705 (esset)
793 621 872 682 nulla
888 667 896 684 .
912 666 919 681 .
936 639 1063 700 persona
1084 617 1188 705 (erat)
1206 624 1247 687 13
1262 622 1292 684 ui

445 707 527 768 velox
543 706 665 785 ingenio
681 703 821 790 (fuisset)
836 751 845 767 .
861 751 868 766 .
886 755 893 771 .
908 706 1036 768 luissent
1050 707 1092 769 24
1107 706 1132 768 si
1150 751 1159 768 .
1175 749 1184 767 .
1203 706 1293 769 ‚ubi-

446 810 504 871 que
534 810 614 852 arma
643 787 780 875 (essent)
809 800 839 853 et
854 837 887 853 ..
909 790 1030 852 libertas
1049 791 1212 853 tolleretur
1231 792 1292 855 und

443 876 589 939 vielleicht
605 879 644 943 23
660 879 684 940 si
701 922 709 939 .
726 924 734 940 .
750 886 912 960 pateretur,
928 877 1068 938 inventus
1081 871 1235 962 (emoti).

211 1000 240 1061 2.
263 997 435 1075 Zeugma.
999 1039 1001 1042 ι

264 1082 304 1143 lls
327 1082 365 1143 ist
386 1080 450 1144 dies
472 1082 526 1143 der
547 1081 705 1144 Gebraucb
728 1083 810 1143 eines
831 1081 965 1160 einzigen
983 1078 1131 1142 Verbums
1152 1081 1208 1143 mit
1222 1082 1292 1144 zuei

265 1167 338 1228 oder
360 1167 519 1228 mebreren
536 1167 758 1241 Substantiven‚
781 1186 826 1227 vvo
848 1167 902 1227 wir
921 1165 969 1227 ein
987 1165 1118 1227 Verbum
1137 1165 1293 1229 abnlicber

264 1252 442 1331 Bedeutung
464 1252 674 1314 hinzudenlren
696 1263 828 1314 mussen.
872 1252 942 1314 Tae.
957 1252 1008 1312 bat
1021 1252 1091 1313 sehr
1104 1250 1211 1313 kubne
1227 1253 1293 1314 Bei-

263 1337 356 1418 spiele
372 1338 468 1399 dieser
478 1338 580 1418 ligur,
596 1338 673 1400 doch
688 1338 756 1400 sind
770 1337 871 1400 solcbe
886 1337 916 1398 in
934 1337 991 1398 den
1003 1335 1125 1398 kleinen
1139 1336 1293 1401 Schriften

263 1423 343 1484 noch
358 1423 463 1485 selten.

307 1544 326 1607 3
347 1561 431 1622 spem
452 1561 485 1604 ac
507 1550 609 1603 votum
631 1537 841 1624 (conceperit)
862 1585 894 1600 ..
918 1540 1012 1602 robur
1034 1541 1237 1622 adsumpserit
1253 1546 1293 1608 12

263 1626 447 1689 arbitrantur
466 1672 474 1689 .
491 1673 499 1687 .
518 1627 630 1708 conligi
644 1623 788 1709 (dieunt)
804 1629 845 1690 25
868 1634 946 1687 terra
962 1624 1176 1710 (gereretur).
1194 1672 1203 1689 .
1218 1628 1294 1690 mari

264 1711 373 1773 bellum
401 1713 606 1793 impelleretur
626 1717 665 1776 41
701 1730 803 1774 amore
825 1721 855 1772 et
877 1711 935 1773 lide
956 1708 1235 1797 <adhortabantur)
1255 1758 1290 1775 ..

263 1797 445 1875 malignitate
476 1809 506 1859 et
534 1798 626 1859 livore
744 1796 972 1858 exstimulabant
1002 1801 1042 1861 45
1073 1816 1131 1859 nos
1153 1840 1186 1859 ..
1214 1799 1294 1862 visus

268 1883 442 1964 (foedavit)
463 1902 519 1945 nos
534 1929 542 1946 .
559 1928 566 1943 .
582 1882 727 1961 sanguine
744 1882 870 1944 Senecio
886 1882 1027 1962 perfudit.
1050 1930 1057 1947 .

210 1990 240 2053 3.
270 1981 369 2050 And
392 1986 542 2051 κοινοῦ.

265 2071 339 2133 llem
355 2071 482 2151 Zeugma
505 2070 667 2144 verwandt‚
689 2069 790 2131 indem
812 2069 878 2130 hier
900 2071 957 2131 ein
973 2069 1130 2132 lusuruel
1152 2070 1184 2132 in
1200 2072 1294 2134 zwei

262 2157 478 2237 Bedeutungen
502 2156 667 2237 gebraucbt
688 2156 771 2216 wird.

262 2245 303 2308 20
327 2243 526 2304 circumdatae
556 2245 595 2308 31
627 2249 826 2303 conteruntur
856 2243 896 2305 32
918 2248 1066 2301 extremos
1088 2241 1129 2307 38
1146 2243 1293 2306 secunda.

263 2329 531 2389 mmmmm.

209 2451 239 2510 4.
263 2444 508 2525 Comparatio
532 2444 828 2526 compendiaria.

262 2532 300 2595 21
319 2530 439 2610 ingenia
463 2530 676 2591 Britannorum
703 2528 808 2591 studiis
832 2527 984 2589 Gallorum
1012 2530 1162 2592 anteferre
1184 2532 1231 2595 24
1246 2533 1295 2596 in·

263 2615 526 2764 {erpanpulfflslpjpe
541 2615 697 2676 bominum
713 2615 791 2675 baud
803 2613 929 2675 multum
941 2631 958 2673 a
969 2614 1122 2676 Britannia
1135 2615 1294 2681 dillerunt.

211 2823 240 2884 5.
263 2818 823 2899 Remerkeuswertebeispiele
839 2817 1216 2899 gedrangterliltrzc
1232 2823 1295 2886 des

263 2905 491 2967 Ausdrucks.

267 2995 282 3054 1
300 2999 334 3052 ut
349 3009 437 3071 agere
461 3035 493 3055 ..
516 2989 730 3051 celeberrimus
754 2987 809 3070 (ε
827 3000 971 3069 magere,
994 2989 1033 3050 ita
1049 2990 1182 3052 scribere
1199 2991 1294 3072 digna

264 3123 295 3141 ..
324 3076 355 3137 in
386 3085 489 3157 aperto
520 3085 592 3148 erat,
624 3093 692 3135 nam
717 3075 940 3151 celeberrimus)
957 3074 1150 3154 —plcrique
1166 3094 1294 3140 narrare

263 3160 398 3222 arbitrati
414 3172 486 3223 sunt
507 3162 562 3239 (--
576 3161 713 3240 plerique
729 3209 736 3226 .
754 3209 762 3226 .
781 3169 975 3222 narraverunt
990 3160 1078 3239 idque
1095 3208 1102 3226 .
1121 3209 1128 3226 .
1153 3160 1292 3226 arbitrati

265 3249 347 3323 sunt)
370 3249 388 3312 3
412 3257 447 3308 ut
468 3265 597 3328 corpora
620 3246 712 3308 ..sic
817 3245 1001 3307 revocaveris
1030 3246 1085 3323 (ε-
1106 3257 1140 3307 ut
1160 3265 1293 3328 corpora

264 3378 273 3396 .
290 3379 298 3397 .
315 3378 322 3396 .
347 3331 390 3392 sic
405 3333 525 3412 ingenia
549 3381 557 3398 .
574 3382 581 3398 .
599 3382 606 3397 .
629 3332 733 3396 lente.
751 3380 759 3396 .
776 3331 993 3410 extinguuntur
1008 3348 1085 3409 quae
1102 3337 1293 3413 oppresseris

357 3414 552 3497 revocaveris)
583 3420 604 3481 4
637 3416 735 3478 locum
842 3417 1042 3495 compositum
1077 3417 1132 3496 (ε
1147 3419 1167 3484 l.
1179 3418 1212 3480 in
1230 3439 1293 3499 quo

269 3502 381 3563 Graeca
407 3503 531 3564 comitas
561 3512 591 3563 et
619 3502 809 3582 provincialis
837 3502 1018 3582 parsimonia
1040 3504 1131 3564 mixta
1154 3522 1188 3565 ac
1211 3504 1294 3567 bene

264 3588 431 3667 composita
455 3593 553 3669 erant)
577 3592 595 3651 5
611 3588 778 3649 rudimenta
795 3632 801 3646 .
819 3631 827 3648 .
844 3633 851 3647 .
867 3586 1044 3667 adprobaret
1066 3592 1120 3668 (ιε
1135 3607 1160 3651 r.
1175 3589 1216 3650 ita
1240 3591 1293 3652 de·

265 3674 367 3754 posuit
381 3680 416 3735 ut
437 3672 626 3753 adprobaret)
644 3677 683 3737 10
698 3690 780 3732 mare
804 3720 836 3736 ..
853 3721 860 3737 .
885 3671 1046 3751 perhibent
1067 3693 1106 3735 ne
1122 3674 1219 3737 ventis
1234 3686 1292 3743 etc.

265 3762 317 3836 (=
332 3777 415 3820 mare
430 3807 439 3824 .
457 3807 464 3823 .
481 3806 489 3823 .
506 3777 571 3819 esse
585 3757 746 3836 perbibent
761 3776 795 3818 ac
812 3777 850 3818 ne
873 3758 968 3818 ventis
989 3761 1059 3835 etc.)
1087 3762 1126 3824 12
1142 3760 1241 3840 gignit
1262 3771 1294 3824 et

266 3843 403 3906 Oceanus
420 3846 474 3921 (=
490 3843 525 3907 0.
542 3860 663 3921 quoque
678 3843 806 3923 pretium
820 3843 960 3904 victoriae
974 3844 1032 3917 dat,
1048 3863 1116 3905 nam
1129 3848 1293 3929 margarita

264 3929 372 4006 gignit)
403 3931 443 3994 18
472 3929 558 3990 utin
582 3929 688 3989 subitis
710 3928 842 3989 consiliis
864 3946 953 3990 naves
975 3929 1098 3991 deerant
1125 3933 1181 4010 (ε-
1201 3941 1238 3994 ut
1260 3934 1291 3994 in

268 4031 293 4076 s.
307 4029 335 4077 c.
353 4015 520 4077 necessaria
535 4013 637 4075 deesse
659 4013 766 4088 solent,
789 4013 831 4075 sic
860 4032 943 4075 nunc
967 4033 1054 4077 naves
1076 4015 1225 4092 deerant).
