2692 4596
572 244 730 312 Einleltung.

198 419 276 483 noelr
300 420 329 482 in
354 437 451 500 engen
468 417 617 490 drentem
639 418 669 478 in
685 416 743 478 den
761 418 915 495 grdlseren
932 417 1062 480 Werlen
1080 419 1206 483 endlicb

196 506 261 569 tritt
276 523 334 568 uns
349 505 395 566 die
411 503 633 566 inconcinnitdt
648 503 807 578 gleichsam
823 502 866 564 als
880 502 928 564 ein
945 503 1067 583 lertiges
1084 503 1207 585 System

198 601 358 672 entgegen‚
392 589 444 651 das
477 588 530 649 mit
551 588 698 650 virtuoser
723 587 820 649 llunst
845 587 1036 666 gehandhabt
1062 592 1126 652 und
1152 592 1207 655 be·

197 677 349 740 stimmten
374 674 579 737 rhetorischen
597 673 739 735 Zweclren
756 671 909 734 dienstbar
923 675 1060 753 gemacht
1075 676 1165 738 wird.

196 763 241 841 (1)
264 760 443 824 Concreta
473 759 544 820 und
567 758 770 820 Abstracta
797 757 1021 821 verbunden

265 851 286 910 4
301 846 369 908 sinu
385 843 631 923 indulgentiaque
643 876 688 890 ·—
703 843 802 905 sedem
819 861 853 905 ac
868 844 1038 923 magistram
1054 847 1096 910 30
1112 866 1205 926 praee

265 931 346 994 sidiis
362 975 369 992 .
385 972 414 991 ..
430 948 561 1009 curaque
576 932 618 994 24
633 948 687 1010 per
710 929 879 990 conmercia
895 938 926 990 et
941 932 1145 1010 negotiatores
1161 936 1205 999 25

264 1015 358 1096 copiis
380 1024 410 1077 et
430 1014 539 1076 laetitia
554 1050 596 1062 -
611 1033 738 1077 numero
761 1023 792 1076 et
807 1014 912 1094 peritia
927 1017 968 1081 38
985 1017 1158 1096 exemplum
1175 1029 1205 1083 et

264 1111 397 1163 rectores
412 1101 453 1166 30
465 1119 549 1180 spem
565 1119 599 1162 ac
614 1099 779 1162 subsidium
791 1111 993 1162 -terrarum
1009 1109 1040 1163 et
1054 1102 1205 1168 libertatis

265 1188 305 1252 33
321 1187 396 1248 lame
414 1230 421 1247 .
438 1229 446 1247 .
464 1230 470 1246 .
486 1186 576 1248 armis
592 1187 633 1252 36
649 1185 847 1247 aemulatione
863 1197 892 1247 et
906 1186 1019 1266 impetu
1036 1188 1077 1252 37
1095 1208 1158 1250 nox
1174 1200 1205 1253 et

263 1271 382 1334 satietas
398 1272 438 1338 38
453 1271 560 1350 gaudio
576 1272 745 1351 praedaque
760 1274 802 1335 40
819 1272 970 1332 materiam
986 1281 1016 1333 et
1030 1281 1135 1335 artem.

197 1358 241 1438 (3)
264 1356 471 1419 llinlaclrer
496 1357 617 1419 llesus
638 1356 821 1418 wechselt
853 1356 920 1417 mit
946 1357 1203 1439 Praposition

264 1442 339 1505 und
355 1441 478 1505 llasus.

265 1530 284 1594 6
299 1546 355 1609 per
376 1572 408 1591 ..
428 1528 578 1590 caritatem
596 1577 602 1591 .
620 1573 627 1589 .
647 1546 679 1589 se
695 1527 908 1606 anteponendo
923 1529 943 1591 9
959 1527 1068 1588 virtute
1088 1577 1096 1595 .
1116 1573 1124 1590 .
1146 1549 1205 1610 per

263 1623 355 1675 artem
381 1616 420 1680 10
446 1614 614 1675 animorum
639 1663 646 1679 .
666 1656 673 1674 .
700 1612 833 1693 prudens
847 1657 876 1674 ..
892 1612 999 1674 doctus
1013 1631 1069 1693 per
1083 1616 1205 1695 experi-

264 1708 365 1762 menta
387 1700 428 1764 38
451 1717 506 1778 per
527 1698 697 1760 conmercia
717 1700 931 1760 ..mutatione
947 1702 984 1765 31
1004 1717 1060 1779 per
1074 1699 1204 1765 dilectus

265 1829 272 1846 .
291 1828 298 1846 .
316 1784 437 1846 nomine
453 1787 491 1849 41
516 1785 681 1846 temeritate
696 1826 704 1844 .
722 1827 729 1843 .
745 1801 800 1863 per
814 1783 960 1862 ignaviam
976 1787 1017 1849 44
1034 1802 1088 1864 per
1103 1784 1203 1848 inter·

264 1869 337 1932 valla
354 1913 361 1931 .
378 1913 410 1931 ..
434 1869 556 1935 101043
575 1887 630 1951 per
651 1868 776 1930 alienam
798 1870 951 1930 materiam
972 1915 1005 1934 ..
1024 1869 1162 1934 moribus
1185 1878 1201 1938 1

266 1956 337 2018 citra
367 1954 456 2017 tidem
481 1998 515 2022 ..
547 1953 757 2017 obtrectationi
789 1957 828 2017 15
858 1954 1082 2019 infelicibus..
1105 1974 1204 2036 penes

264 2041 390 2104 miseros
412 2044 450 2107 10
471 2039 577 2103 studiis
593 2084 600 2102 .
617 2085 649 2102 ..
672 2059 708 2102 ex
730 2040 982 2102 conmendatione
999 2041 1041 2105 33
1057 2039 1148 2103 bonis
1165 2088 1172 2103 .
1192 2089 1200 2105 .

265 2126 405 2190 adversus
420 2127 514 2189 melos
530 2128 568 2192 31
585 2127 616 2188 10
632 2125 777 2188 tributum
795 2170 803 2186 .
820 2171 827 2187 .
846 2170 853 2186 .
870 2126 950 2188 silvis
966 2128 1006 2191 35
1029 2128 1204 2207 promptior

266 2213 296 2275 in
313 2231 407 2294 spem,
423 2214 527 2276 drmus
541 2213 671 2275 adversis
686 2212 775 2290 (doch
787 2221 867 2273 ware
879 2204 1034 2273 ‘adversus
1044 2205 1200 2276 adversos'

265 2299 438 2378 unmoglich
453 2317 601 2378 genesen.
639 2297 669 2363 S.
685 2303 772 2358 Anm.
788 2297 824 2357 ad
839 2297 908 2375 loc.)
931 2300 973 2362 43
996 2297 1199 2376 simulatione,

265 2382 296 2444 in
313 2384 525 2462 adrogantiam.

197 2467 243 2546 (3)
266 2471 286 2530 4
300 2468 506 2530 vehementius
520 2486 610 2546 quam
626 2476 711 2529 caute
727 2465 770 2546 (S.
784 2466 874 2527 dum.
889 2466 926 2528 ad
942 2466 1012 2545 loc.)

198 2554 243 2631 (4)
266 2551 554 2615 Substantivum
578 2551 761 2614 wechselt
783 2551 848 2613 mit
869 2551 1098 2615 Nebensatz.

266 2636 392 2704 llnullis
407 2681 416 2700 .
431 2682 440 2700 .
455 2636 646 2700 sermonibus
672 2635 724 2699 sed
747 2637 815 2715 quia
840 2642 879 2701 10
905 2656 964 2700 000
989 2638 1019 2699 in
1043 2656 1203 2719 eompara-

263 2722 375 2784 tionem
398 2722 449 2785 sed
472 2723 541 2802 quia

195 2810 240 2887 (0)
263 2807 338 2889 ddj.
362 2807 454 2870 oder
475 2807 649 2887 Partizip
672 2807 858 2869 wechselt
880 2809 946 2869 mit
968 2808 1101 2870 Kasus.

262 2898 282 2957 4
315 2894 457 2956 senatorii
491 2894 604 2955 ordinis
707 2902 798 2955 notus
831 2894 870 2957 16
903 2894 1026 2971 segnior
1051 2903 1081 2954 et
1104 2894 1197 2957 nullis

263 2988 320 3041 etc.
354 2983 395 3046 37
423 2978 592 3060 agminibus
695 2987 899 3058 respectantes
932 2979 973 3044 38
1002 2979 1139 3059 palantes
1162 3024 1201 3042 ..

285 3065 392 3127 loratu.

195 3147 242 3232 (6)
263 3084 305 3215 gb
320 3149 429 3230 ingens
443 3149 582 3212 victoriae
596 3147 657 3229 (ι-
671 3148 696 3210 si
711 3145 883 3230 vincerent>
901 3149 993 3211 decus
1008 3193 1016 3210 .
1034 3194 1042 3210 .
1057 3147 1202 3212 auxilium

263 3234 288 3297 si
311 3235 494 3316 pellerentur
514 3231 572 3319 (sc.
588 3230 725 3318 auxilia).

511 3414 551 3471 B.
571 3408 810 3479 Breouylogte.

125 3497 153 3558 1.
176 3488 332 3571 Ellipse

175 3577 221 3658 (1)
243 3573 316 3639 llon
339 3570 630 3636 Substantiven:

244 3667 264 3726 4
294 3659 407 3724 ordinis
426 3654 506 3742 (vir)
532 3692 575 3705 —
596 3658 738 3722 resumtis
758 3652 902 3742 (mulier)
927 3660 966 3722 16
994 3658 1087 3722 nullis
1101 3704 1110 3719 .
1126 3701 1135 3719 .
1151 3675 1207 3719 ea·

243 3743 421 3828 perimentis
446 3739 535 3825 (οι)
586 3742 627 3806 So
655 3743 847 3824 regelmtssig
875 3742 955 3805 beim
985 3744 1063 3806 Gen.
1087 3763 1116 3805 u.
1139 3742 1206 3805 abl.

245 3833 348 3912 qurbt
363 3832 394 3898 8.
408 3832 458 3894 14·
470 3831 522 3893 40.
542 3830 731 3892 consularem
744 3827 913 3915 (legatum)
927 3831 947 3894 8
971 3827 1207 3892 conmunieabat

247 3915 334 3994 <eum
360 3910 515 3998 Agricola>
551 3917 591 3979 10
620 3915 745 3994 perinde
779 3911 887 3998 (atque
909 3925 1007 3977 cetera
1031 3912 1142 3996 maria)
1166 3916 1206 3978 13

248 4015 408 4081 exsurgere
435 3995 564 4085 (solem)
595 4000 635 4064 18
662 3999 803 4062 laureatis
830 3997 975 4084 (litteris)
1003 4003 1045 4065 30
1069 4000 1207 4080 priorum
